@Misc{xAP,
title = {{eXtensible Application Platform}},
howpublished = {http://www.xap.com/}
}

@Misc{LG,
title = {{LG Smart Appliances}},
howpublished = {http://www.lg.com/us/press-release/lg-smart-appliances-for-2012-deliver-connectivity-efficiency-through-smart-thinq-technologies}
}

@Misc{SmartCraze,
title = {{Manufacturer's smart home}},
howpublished = {http://edition.cnn.com/2011/TECH/innovation/01/07/internet.connected.appliances/index.html}
}

@Misc{Botanicalls,
title = {{Botanicalls}},
howpublished = {http://www.botanicalls.com/about/}
}

@Misc{TweetPlant,
title = {{Tweeting Plant}},
howpublished = {http://blog.makezine.com/2008/02/25/how-to-make-plants-talk-t/}
}

@Misc{Qualcomm,
title = {{Qualcomm announces IoT platform}},
howpublished = {http://www.qualcomm.com/media/releases/2013/01/07/qualcomm-and-att-support-internet-everything-development-platform}
}

@Misc{Kickstarter,
title = {{Social funding platform, Kickstarter}},
howpublished = {http://www.kickstarter.com/help/faq/kickstarter%20basics#Kick}}

@Misc{SmartThings,
title = {{Smart Things IoT platform}},
howpublished = {http://smartthings.com/}
}

@Misc{Twine,
title = {{Twine ``Internet of Things'' Thing}},
howpublished = {http://supermechanical.com/}
}

@Misc{TelosB,
title = {{TelosB Sky Motes}},
howpublished = {http://www.willow.co.uk/TelosB{UNDERBAR}Datasheet.pdf}
}
@Misc{Size,
title = {{Size of the Internet}},
howpublished = {http://www.guardian.co.uk/business/2009/may/18/digital-content-expansion}
}

@Misc{K.Ashton,
title = {{Internet of Things first coined}},
howpublished = {http://www.rfidjournal.com/article/view/4986}
}

@Misc{2013IoT,
title = {{2013: The year of the Internet of Things}},
howpublished = {http://www.technologyreview.com/view/509546/2013-the-year-of-the-internet-of-things/}
}

@Misc{Arduino,
title = {{Arduino Platform}},
howpublished = {http://arduino.cc}
}



